%-------------------------------------------------
% FileName: : ref.bib
% Author: Safin 
% Version: 0.1
% Date: 2020-05-12
% Description: 参考文献数据
% Others: 请参照google学术导入bibtex
%         文献类型 和 相关参数 参考 
%         https://gitee.com/walkeraguo/gbt7714-bibtex-style
% History: origin
%-------------------------------------------------

% 参考文献是毕业设计（论文）不可缺少的组成部分，在毕业设计（论文）的撰写过程中应承认和尊重他人的知识成果，参考与引用的内容必须注明，杜绝抄袭、剽窃他人成果。同时，引用的资料应具有权威性，并对毕业设计（论文）有直接的参考价值。
% 要求查阅文献15篇（含）以上，其中外文文献3篇（含）以上，近三年公开发表的文献3篇（含）以上，书籍不超过5本，期刊（[J]）和论文集（[C]）8篇（含）以上，包括导师指定的全部参考文献。

% 多数时候，我们无需自己手写 BIBTEX 文献条目。从 Google Scholar 或者期刊/数据库的网站上都能够导出 BIBTEX 文献条目，老牌的文献管理软件 EndNote 也支持生成 BIBTEX 格式的数据库。开源软件 JabRef 甚至支持 BIBTEX 文献条目的导入、导出和管理。

% 文献类型 和 相关参数 参考 
% https://gitee.com/walkeraguo/gbt7714-bibtex-style

% 会议录的析出文献

%@book{liu2019,
	%title={深入浅出Vue.js},
	%author={刘博文},
	%year={2019},
	%publisher={清华大学出版社},
%}

